<?xml version="1.0" encoding="UTF-8"?>
<collection xmlns:xsi="http://www.w3.org/2001/XMLSchema-instance" xsi:schemaLocation="http://www.loc.gov/MARC21/slim http://www.loc.gov/standards/marcxml/schema/MARC21slim.xsd" xmlns="http://www.loc.gov/MARC21/slim">
<record>
  <leader>01326cam a2200265   4500</leader>
  <controlfield tag="001">2979968</controlfield>
  <controlfield tag="003">NNC</controlfield>
  <controlfield tag="005">20151019143144.0</controlfield>
  <controlfield tag="008">890505s1961    iq h          000 0 ara c</controlfield>
  <datafield tag="010" ind1=" " ind2=" ">
    <subfield code="a">ne 62000701 </subfield>
  </datafield>
  <datafield tag="035" ind1=" " ind2=" ">
    <subfield code="a">(OCoLC)ocm19660152</subfield>
  </datafield>
  <datafield tag="035" ind1=" " ind2=" ">
    <subfield code="9">ASM7043CU</subfield>
  </datafield>
  <datafield tag="035" ind1=" " ind2=" ">
    <subfield code="a">(NNC)2979968</subfield>
  </datafield>
  <datafield tag="035" ind1=" " ind2=" ">
    <subfield code="a">2979968</subfield>
  </datafield>
  <datafield tag="040" ind1=" " ind2=" ">
    <subfield code="a">Princeton Univ. Libr.</subfield>
    <subfield code="c">WAU</subfield>
    <subfield code="d">WAU</subfield>
    <subfield code="d">ZCU</subfield>
  </datafield>
  <datafield tag="050" ind1="0" ind2=" ">
    <subfield code="a">PJ6317</subfield>
    <subfield code="b">.H5</subfield>
  </datafield>
  <datafield tag="100" ind1="1" ind2=" ">
    <subfield code="a">Ibn Nashwān, Muḥammad ibn Nashwān,</subfield>
    <subfield code="d">-1213 or 1214.</subfield>
  </datafield>
  <datafield tag="245" ind1="1" ind2="0">
    <subfield code="a">Risālatān fī al-farq bayna al-ḍād wa-al-ẓāʾ,</subfield>
    <subfield code="c">taʾlīf Muḥammad ibn Nashwān al-Ḥimyarī wa-Muḥammad ibn Yūsuf al-Andalusī. Bi-taḥqīq Muḥammad Ḥasan Āl Yāsīn.</subfield>
  </datafield>
  <datafield tag="250" ind1=" " ind2=" ">
    <subfield code="a">[al-Ṭabʻah al-ūlá.]</subfield>
  </datafield>
  <datafield tag="260" ind1=" " ind2=" ">
    <subfield code="a">Baghdād :</subfield>
    <subfield code="b">Mat̥ba'at al-Maʻārif</subfield>
    <subfield code="c">1961.</subfield>
  </datafield>
  <datafield tag="300" ind1=" " ind2=" ">
    <subfield code="a">184 p.</subfield>
    <subfield code="b">facsims.</subfield>
    <subfield code="c">24 cm.</subfield>
  </datafield>
  <datafield tag="505" ind1="0" ind2=" ">
    <subfield code="a">al-Muqaddimah -- Mukhtaṣṣar fī al-farq bayna al-ḍād wa-al-ẓāʾ, taʾlīf Muḥammad ibn Nashwān -- al-Irtiḍāʾ fī al-farq bayna al-ḍād wa-al-ẓāʾ, taʾlīf Athīr al-Dīn Muḥammad ibn Yūsuf al-Andalusī --  Murājiʻ al-taqdīm wa-al-taḥqīq (ṣ 179-182).</subfield>
  </datafield>
  <datafield tag="650" ind1=" " ind2="0">
    <subfield code="a">Arabic language</subfield>
    <subfield code="x">Pronunciation.</subfield>
  </datafield>
  <datafield tag="700" ind1="0" ind2=" ">
    <subfield code="a">Abū Ḥayyān Muḥammad ibn Yūsuf,</subfield>
    <subfield code="d">1256-1344.</subfield>
    <subfield code="t">Irtiḍāʼ fī al-farq bayna al-ḍād wa-al-ẓāʼ.</subfield>
  </datafield>
  <datafield tag="955" ind1=" " ind2=" ">
    <subfield code="b">0036760099</subfield>
    <subfield code="d">glx</subfield>
    <subfield code="e">PJ6317 .H5</subfield>
  </datafield>
</record>
</collection>